@inproceedings{costello2016,
	title={Efficient algorithms for supersingular isogeny Diffie-Hellman},
	author={Costello, Craig and Longa, Patrick and Naehrig, Michael},
	booktitle={Annual Cryptology Conference},
	pages={572--601},
	year={2016},
	organization={Springer}
}

@inproceedings{Jao2011,
	author={Jao, David and De Feo, Luca},
	title={Towards Quantum-Resistant Cryptosystems from Supersingular Elliptic Curve Isogenies},
	bookTitle={QCrypto 2011},
	year={2011},
	publisher={Springer Berlin Heidelberg},
	pages={19--34},
	isbn={978-3-642-25405-5},
	doi={10.1007/978-3-642-25405-5_2},
	url={http://dx.doi.org/10.1007/978-3-642-25405-5_2}
}

@inproceedings{bernstein2009introduction,
	title={Introduction to post-quantum cryptography},
	author={Bernstein, Daniel J},
	booktitle={Post-Quantum Cryptography},
	pages={1--14},
	year={2009},
	publisher={Springer}
}


@inproceedings{velu1971isogenies,
	title={Isog{\'e}nies entre courbes elliptiques},
	author={V{\'e}lu, Jacques},
	booktitle={CR Acad. Sci. Paris S{\'e}r. AB},
	volume={273},
	pages={A238--A241},
	year={1971}
}

@inproceedings{delfs2016computing,
	title={Computing isogenies between supersingular elliptic curves over $F_{p}$},
	author={Delfs, Christina and Galbraith, Steven D},
	booktitle={Designs, Codes and Cryptography},
	volume={78},
	number={2},
	pages={425--440},
	year={2016},
	publisher={Springer}
}

@inproceedings{biasse2014quantum,
	title={A quantum algorithm for computing isogenies between supersingular elliptic curves},
	author={Biasse, Jean-Fran{\c{c}}ois and Jao, David and Sankar, Anirudh},
	booktitle={International Conference in Cryptology in India},
	pages={428--442},
	year={2014},
	organization={Springer}
}

@inproceedings{openssl,
	author = {Douglas Stebila},
	title = {Openssl},
	year = {2016},
	publisher = {GitHub},
	journal = {GitHub repository},
	booktitle = {http://github.com/open-quantum-safe/openssl}
}


@inproceedings{jao2014isogeny,
	title={Isogeny-based quantum-resistant undeniable signatures},
	author={Jao, David and Soukharev, Vladimir},
	booktitle={International Workshop on Post-Quantum Cryptography},
	pages={160--179},
	year={2014},
	organization={Springer}
}

@inproceedings{sun2014toward,
	title={Toward quantum-resistant strong designated verifier signature},
	author={Sun, Xi and Tian, Haibo and Wang, Yumin},
	booktitle={International Journal of Grid and Utility Computing 4},
	volume={5},
	number={2},
	pages={80--86},
	year={2014},
	publisher={Inderscience Publishers Ltd}
}

@article{jalali2016quantum,
	title={Quantum-Resistant Diffie-Hellman Key Exchange from Supersingular Elliptic Curve Isogenies},
	author={Jalali, Amir},
	year={2016}
}